@misc{unet,
  doi = {10.48550/ARXIV.1505.04597},
  url = {https://arxiv.org/abs/1505.04597},
  author = {Ronneberger, Olaf and Fischer, Philipp and Brox, Thomas},
  keywords = {Computer Vision and Pattern Recognition (cs.CV), FOS: Computer and information sciences, FOS: Computer and information sciences},
  title = {U-Net: Convolutional Networks for Biomedical Image Segmentation},
  publisher = {arXiv},
  year = {2015},
  copyright = {arXiv.org perpetual, non-exclusive license}
}